@book{2004RosFle-1,
  title={Principles of vibration and sound},
  author={Rossing, Thomas and Fletcher, Neville H},
  year={2004},
  publisher={Springer Science \& Business Media}
}

@book{2012RosFle-1,
  title={The physics of musical instruments},
  author={Fletcher, Neville H and Rossing, Thomas D},
  year={2012},
  publisher={Springer Science \& Business Media}
}

@article{1971Ising-1,
  title={Erforschung und planung des orgelklanges},
  author={Ising, H},
  journal={Walcker Hausmitteilung},
  volume={42},
  pages={38--57},
  year={1971}
}

@inproceedings{2009RucAugFia-1,
  title={Simulation of Organ Pipesâ€™ Acoustic Behavior by Means of Various Numerical Techniques},
  author={Rucz, P{\'e}ter and Augusztinovicz, F{\"u}l{\"o}p and Fiala, P{\'e}ter},
  booktitle={Proceedings of the 16th International Congress on Sound and Vibration},
  pages={1749},
  year={2009}
}

@inproceedings{2022OtcOtcDla-1,
  title={Changes of the air jet motion, tone spectra and perceived organ pipe sound caused by voicing adjustments},
  author={Ot{\v{c}}en{\'a}{\v{s}}ek, Zdenek and Ot{\v{c}}en{\'a}{\v{s}}ek, Jan and Dlask, Pavel},
  booktitle={Proceedings of Meetings on Acoustics},
  volume={49},
  number={1},
  year={2022},
  organization={AIP Publishing}
}

@misc{2025Lilj-1,
  author = {Johan Liljencrants},
  title = {Pipe cut-up and flue dimensioning chart},
  year = {2022},
  url = {https://www.mmdigest.com/Tech/isint.html},
  note = {Last accessed: 18 April 2025}
}

